<record><leader>00000cas a22000007a 4500</leader><controlfield tag="001">11000821</controlfield><controlfield tag="008">840730d18721877wyuwr ne      0    0eng d</controlfield><datafield ind1=" " ind2=" " tag="010"><subfield code="a">sn 84027268 </subfield></datafield><datafield ind1=" " ind2=" " tag="040"><subfield code="a">NPU</subfield><subfield code="b">eng</subfield><subfield code="c">NPU</subfield><subfield code="d">NVO</subfield><subfield code="d">MGN</subfield><subfield code="d">OCLCQ</subfield></datafield><datafield ind1=" " ind2=" " tag="042"><subfield code="a">msc</subfield></datafield><datafield ind1="0" ind2=" " tag="130"><subfield code="a">Evanston age (Evanston, Wyo. : 1872)</subfield></datafield><datafield ind1="1" ind2="4" tag="245"><subfield code="a">The Evanston age.</subfield></datafield><datafield ind1=" " ind2=" " tag="260"><subfield code="a">Evanston, Wyo. Territory :</subfield><subfield code="b">W.R. Vaughn</subfield></datafield><datafield ind1=" " ind2=" " tag="300"><subfield code="a">v.</subfield></datafield><datafield ind1=" " ind2=" " tag="310"><subfield code="a">Weekly</subfield></datafield><datafield ind1="0" ind2=" " tag="362"><subfield code="a">Vol. 1, no. 1 (Oct. 10, 1872)-</subfield></datafield><datafield ind1="1" ind2=" " tag="362"><subfield code="a">Began in 1872; ceased in 1877?</subfield></datafield><datafield ind1=" " ind2=" " tag="500"><subfield code="a">Editor: M.C. Hopkins, &lt;1874&gt;.</subfield></datafield><datafield ind1=" " ind2=" " tag="500"><subfield code="a">Proprietor: William E. Wheeler, &lt;1874&gt;.</subfield></datafield><datafield ind1=" " ind2=" " tag="515"><subfield code="a">Issue for Aug. 7, 1874 called also whole no. 95.</subfield></datafield><datafield ind1=" " ind2=" " tag="515"><subfield code="a">Suspended in 1872. Cf. Homsher, L., Guide to Wyoming newspapers, 1867-1967.</subfield></datafield><datafield ind1=" " ind2=" " tag="580"><subfield code="a">A daily editon was published 1874-1876? and later issued triweekly and weekly. Cf. Rowell, 1875, 1877.</subfield></datafield><datafield ind1=" " ind2="4" tag="651"><subfield code="a">Evanston (Wyo.)</subfield><subfield code="v">Newspapers.</subfield></datafield><datafield ind1=" " ind2="4" tag="651"><subfield code="a">Uinta County (Wyo.)</subfield><subfield code="v">Newspapers.</subfield></datafield><datafield ind1=" " ind2=" " tag="752"><subfield code="a">United States</subfield><subfield code="b">Wyoming</subfield><subfield code="c">Uinta</subfield><subfield code="d">Evanston.</subfield></datafield><datafield ind1="1" ind2=" " tag="775"><subfield code="t">Evanston age (Evanston, Wyo. : 1874)</subfield><subfield code="w">(DLC)sn 84022154</subfield></datafield></record>